%YAML 1.1
%TAG !u! tag:unity3d.com,2011:
--- !u!29 &1
OcclusionCullingSettings:
  m_ObjectHideFlags: 0
  serializedVersion: 2
  m_OcclusionBakeSettings:
    smallestOccluder: 5
    smallestHole: 0.25
    backfaceThreshold: 100
  m_SceneGUID: 00000000000000000000000000000000
  m_OcclusionCullingData: {fileID: 0}
--- !u!104 &2
RenderSettings:
  m_ObjectHideFlags: 0
  serializedVersion: 8
  m_Fog: 1
  m_FogColor: {r: 0.049740475, g: 0.2738933, b: 0.29411763, a: 1}
  m_FogMode: 1
  m_FogDensity: 0.12
  m_LinearFogStart: 10
  m_LinearFogEnd: 15
  m_AmbientSkyColor: {r: 0.9558824, g: 0.8744482, b: 0.78719723, a: 1}
  m_AmbientEquatorColor: {r: 0.114, g: 0.125, b: 0.133, a: 1}
  m_AmbientGroundColor: {r: 0.047, g: 0.043, b: 0.035, a: 1}
  m_AmbientIntensity: 0.398
  m_AmbientMode: 3
  m_SubtractiveShadowColor: {r: 0.42, g: 0.478, b: 0.627, a: 1}
  m_SkyboxMaterial: {fileID: 10304, guid: 0000000000000000f000000000000000, type: 0}
  m_HaloStrength: 0.5
  m_FlareStrength: 1
  m_FlareFadeSpeed: 3
  m_HaloTexture: {fileID: 0}
  m_SpotCookie: {fileID: 10001, guid: 0000000000000000e000000000000000, type: 0}
  m_DefaultReflectionMode: 0
  m_DefaultReflectionResolution: 128
  m_ReflectionBounces: 1
  m_ReflectionIntensity: 1
  m_CustomReflection: {fileID: 0}
  m_Sun: {fileID: 0}
  m_IndirectSpecularColor: {r: 0, g: 0, b: 0, a: 1}
--- !u!157 &3
LightmapSettings:
  m_ObjectHideFlags: 0
  serializedVersion: 11
  m_GIWorkflowMode: 1
  m_GISettings:
    serializedVersion: 2
    m_BounceScale: 1
    m_IndirectOutputScale: 1
    m_AlbedoBoost: 1
    m_TemporalCoherenceThreshold: 1
    m_EnvironmentLightingMode: 0
    m_EnableBakedLightmaps: 0
    m_EnableRealtimeLightmaps: 0
  m_LightmapEditorSettings:
    serializedVersion: 9
    m_Resolution: 2
    m_BakeResolution: 40
    m_TextureWidth: 1024
    m_TextureHeight: 1024
    m_AO: 0
    m_AOMaxDistance: 1
    m_CompAOExponent: 1
    m_CompAOExponentDirect: 0
    m_Padding: 2
    m_LightmapParameters: {fileID: 0}
    m_LightmapsBakeMode: 1
    m_TextureCompression: 1
    m_FinalGather: 0
    m_FinalGatherFiltering: 1
    m_FinalGatherRayCount: 256
    m_ReflectionCompression: 2
    m_MixedBakeMode: 0
    m_BakeBackend: 1
    m_PVRSampling: 1
    m_PVRDirectSampleCount: 32
    m_PVRSampleCount: 500
    m_PVRBounces: 2
    m_PVRFilterTypeDirect: 0
    m_PVRFilterTypeIndirect: 0
    m_PVRFilterTypeAO: 0
    m_PVRFilteringMode: 1
    m_PVRCulling: 1
    m_PVRFilteringGaussRadiusDirect: 1
    m_PVRFilteringGaussRadiusIndirect: 5
    m_PVRFilteringGaussRadiusAO: 2
    m_PVRFilteringAtrousPositionSigmaDirect: 0.5
    m_PVRFilteringAtrousPositionSigmaIndirect: 2
    m_PVRFilteringAtrousPositionSigmaAO: 1
    m_ShowResolutionOverlay: 1
  m_LightingDataAsset: {fileID: 0}
  m_UseShadowmask: 0
--- !u!196 &4
NavMeshSettings:
  serializedVersion: 2
  m_ObjectHideFlags: 0
  m_BuildSettings:
    serializedVersion: 2
    agentTypeID: 0
    agentRadius: 0.5
    agentHeight: 2
    agentSlope: 45
    agentClimb: 0.4
    ledgeDropHeight: 0
    maxJumpAcrossDistance: 0
    minRegionArea: 2
    manualCellSize: 0
    cellSize: 0.16666667
    manualTileSize: 0
    tileSize: 256
    accuratePlacement: 0
    debug:
      m_Flags: 0
  m_NavMeshData: {fileID: 0}
--- !u!1 &74160186
GameObject:
  m_ObjectHideFlags: 0
  m_PrefabParentObject: {fileID: 0}
  m_PrefabInternal: {fileID: 0}
  serializedVersion: 5
  m_Component:
  - component: {fileID: 74160187}
  m_Layer: 0
  m_Name: Limits
  m_TagString: Untagged
  m_Icon: {fileID: 0}
  m_NavMeshLayer: 0
  m_StaticEditorFlags: 0
  m_IsActive: 1
--- !u!4 &74160187
Transform:
  m_ObjectHideFlags: 0
  m_PrefabParentObject: {fileID: 0}
  m_PrefabInternal: {fileID: 0}
  m_GameObject: {fileID: 74160186}
  m_LocalRotation: {x: 0, y: 0, z: 0, w: 1}
  m_LocalPosition: {x: 0, y: 0, z: 0}
  m_LocalScale: {x: 1, y: 1, z: 1}
  m_Children:
  - {fileID: 937182690}
  - {fileID: 1107143588}
  - {fileID: 1991028293}
  - {fileID: 1321183104}
  m_Father: {fileID: 657574973}
  m_RootOrder: 2
  m_LocalEulerAnglesHint: {x: 0, y: 0, z: 0}
--- !u!224 &91495991 stripped
RectTransform:
  m_PrefabParentObject: {fileID: 224563601037846786, guid: 75b76ba43a005b0449e305064ba73f54,
    type: 2}
  m_PrefabInternal: {fileID: 210286744}
--- !u!1001 &189844260
Prefab:
  m_ObjectHideFlags: 0
  serializedVersion: 2
  m_Modification:
    m_TransformParent: {fileID: 657574973}
    m_Modifications:
    - target: {fileID: 4690548145205662, guid: 43ff7791bfc698c4e8b644c0abf50687, type: 2}
      propertyPath: m_LocalPosition.x
      value: 0
      objectReference: {fileID: 0}
    - target: {fileID: 4690548145205662, guid: 43ff7791bfc698c4e8b644c0abf50687, type: 2}
      propertyPath: m_LocalPosition.y
      value: -0.5
      objectReference: {fileID: 0}
    - target: {fileID: 4690548145205662, guid: 43ff7791bfc698c4e8b644c0abf50687, type: 2}
      propertyPath: m_LocalPosition.z
      value: 0
      objectReference: {fileID: 0}
    - target: {fileID: 4690548145205662, guid: 43ff7791bfc698c4e8b644c0abf50687, type: 2}
      propertyPath: m_LocalRotation.x
      value: 0
      objectReference: {fileID: 0}
    - target: {fileID: 4690548145205662, guid: 43ff7791bfc698c4e8b644c0abf50687, type: 2}
      propertyPath: m_LocalRotation.y
      value: 0
      objectReference: {fileID: 0}
    - target: {fileID: 4690548145205662, guid: 43ff7791bfc698c4e8b644c0abf50687, type: 2}
      propertyPath: m_LocalRotation.z
      value: 0
      objectReference: {fileID: 0}
    - target: {fileID: 4690548145205662, guid: 43ff7791bfc698c4e8b644c0abf50687, type: 2}
      propertyPath: m_LocalRotation.w
      value: 1
      objectReference: {fileID: 0}
    - target: {fileID: 4690548145205662, guid: 43ff7791bfc698c4e8b644c0abf50687, type: 2}
      propertyPath: m_RootOrder
      value: 3
      objectReference: {fileID: 0}
    - target: {fileID: 114425474053819992, guid: 43ff7791bfc698c4e8b644c0abf50687,
        type: 2}
      propertyPath: particles
      value: 
      objectReference: {fileID: 0}
    - target: {fileID: 114864550912391376, guid: 43ff7791bfc698c4e8b644c0abf50687,
        type: 2}
      propertyPath: particles
      value: 
      objectReference: {fileID: 0}
    - target: {fileID: 114430845998696154, guid: 43ff7791bfc698c4e8b644c0abf50687,
        type: 2}
      propertyPath: particles
      value: 
      objectReference: {fileID: 0}
    - target: {fileID: 4759564904119246, guid: 43ff7791bfc698c4e8b644c0abf50687, type: 2}
      propertyPath: m_LocalPosition.x
      value: -8.25
      objectReference: {fileID: 0}
    - target: {fileID: 4759564904119246, guid: 43ff7791bfc698c4e8b644c0abf50687, type: 2}
      propertyPath: m_LocalPosition.y
      value: 0.6
      objectReference: {fileID: 0}
    - target: {fileID: 4759564904119246, guid: 43ff7791bfc698c4e8b644c0abf50687, type: 2}
      propertyPath: m_LocalPosition.z
      value: -4.75
      objectReference: {fileID: 0}
    - target: {fileID: 4762752061286268, guid: 43ff7791bfc698c4e8b644c0abf50687, type: 2}
      propertyPath: m_LocalPosition.y
      value: 0.6
      objectReference: {fileID: 0}
    - target: {fileID: 4700301902994986, guid: 43ff7791bfc698c4e8b644c0abf50687, type: 2}
      propertyPath: m_LocalPosition.y
      value: 0.6
      objectReference: {fileID: 0}
    - target: {fileID: 4668038567828872, guid: 43ff7791bfc698c4e8b644c0abf50687, type: 2}
      propertyPath: m_LocalPosition.y
      value: 0.6
      objectReference: {fileID: 0}
    - target: {fileID: 4762752061286268, guid: 43ff7791bfc698c4e8b644c0abf50687, type: 2}
      propertyPath: m_LocalPosition.x
      value: -8.25
      objectReference: {fileID: 0}
    - target: {fileID: 4762752061286268, guid: 43ff7791bfc698c4e8b644c0abf50687, type: 2}
      propertyPath: m_LocalPosition.z
      value: 4.51
      objectReference: {fileID: 0}
    - target: {fileID: 4700301902994986, guid: 43ff7791bfc698c4e8b644c0abf50687, type: 2}
      propertyPath: m_LocalPosition.x
      value: 8.4
      objectReference: {fileID: 0}
    - target: {fileID: 4700301902994986, guid: 43ff7791bfc698c4e8b644c0abf50687, type: 2}
      propertyPath: m_LocalPosition.z
      value: -4.734
      objectReference: {fileID: 0}
    - target: {fileID: 4668038567828872, guid: 43ff7791bfc698c4e8b644c0abf50687, type: 2}
      propertyPath: m_LocalPosition.z
      value: 4.627
      objectReference: {fileID: 0}
    - target: {fileID: 4668038567828872, guid: 43ff7791bfc698c4e8b644c0abf50687, type: 2}
      propertyPath: m_LocalPosition.x
      value: 8.275
      objectReference: {fileID: 0}
    m_RemovedComponents: []
  m_ParentPrefab: {fileID: 100100000, guid: 43ff7791bfc698c4e8b644c0abf50687, type: 2}
  m_IsPrefabParent: 0
--- !u!1001 &210286744
Prefab:
  m_ObjectHideFlags: 0
  serializedVersion: 2
  m_Modification:
    m_TransformParent: {fileID: 2133127220}
    m_Modifications:
    - target: {fileID: 224563601037846786, guid: 75b76ba43a005b0449e305064ba73f54,
        type: 2}
      propertyPath: m_LocalPosition.x
      value: 0
      objectReference: {fileID: 0}
    - target: {fileID: 224563601037846786, guid: 75b76ba43a005b0449e305064ba73f54,
        type: 2}
      propertyPath: m_LocalPosition.y
      value: 0
      objectReference: {fileID: 0}
    - target: {fileID: 224563601037846786, guid: 75b76ba43a005b0449e305064ba73f54,
        type: 2}
      propertyPath: m_LocalPosition.z
      value: 0
      objectReference: {fileID: 0}
    - target: {fileID: 224563601037846786, guid: 75b76ba43a005b0449e305064ba73f54,
        type: 2}
      propertyPath: m_LocalRotation.x
      value: 0
      objectReference: {fileID: 0}
    - target: {fileID: 224563601037846786, guid: 75b76ba43a005b0449e305064ba73f54,
        type: 2}
      propertyPath: m_LocalRotation.y
      value: 0
      objectReference: {fileID: 0}
    - target: {fileID: 224563601037846786, guid: 75b76ba43a005b0449e305064ba73f54,
        type: 2}
      propertyPath: m_LocalRotation.z
      value: 0
      objectReference: {fileID: 0}
    - target: {fileID: 224563601037846786, guid: 75b76ba43a005b0449e305064ba73f54,
        type: 2}
      propertyPath: m_LocalRotation.w
      value: 1
      objectReference: {fileID: 0}
    - target: {fileID: 224563601037846786, guid: 75b76ba43a005b0449e305064ba73f54,
        type: 2}
      propertyPath: m_RootOrder
      value: 0
      objectReference: {fileID: 0}
    - target: {fileID: 224563601037846786, guid: 75b76ba43a005b0449e305064ba73f54,
        type: 2}
      propertyPath: m_AnchoredPosition.x
      value: 0
      objectReference: {fileID: 0}
    - target: {fileID: 224563601037846786, guid: 75b76ba43a005b0449e305064ba73f54,
        type: 2}
      propertyPath: m_AnchoredPosition.y
      value: 0
      objectReference: {fileID: 0}
    - target: {fileID: 224563601037846786, guid: 75b76ba43a005b0449e305064ba73f54,
        type: 2}
      propertyPath: m_SizeDelta.x
      value: 180
      objectReference: {fileID: 0}
    - target: {fileID: 224563601037846786, guid: 75b76ba43a005b0449e305064ba73f54,
        type: 2}
      propertyPath: m_SizeDelta.y
      value: 60
      objectReference: {fileID: 0}
    - target: {fileID: 224563601037846786, guid: 75b76ba43a005b0449e305064ba73f54,
        type: 2}
      propertyPath: m_AnchorMin.x
      value: 0
      objectReference: {fileID: 0}
    - target: {fileID: 224563601037846786, guid: 75b76ba43a005b0449e305064ba73f54,
        type: 2}
      propertyPath: m_AnchorMin.y
      value: 1
      objectReference: {fileID: 0}
    - target: {fileID: 224563601037846786, guid: 75b76ba43a005b0449e305064ba73f54,
        type: 2}
      propertyPath: m_AnchorMax.x
      value: 0
      objectReference: {fileID: 0}
    - target: {fileID: 224563601037846786, guid: 75b76ba43a005b0449e305064ba73f54,
        type: 2}
      propertyPath: m_AnchorMax.y
      value: 1
      objectReference: {fileID: 0}
    - target: {fileID: 224563601037846786, guid: 75b76ba43a005b0449e305064ba73f54,
        type: 2}
      propertyPath: m_Pivot.x
      value: 0
      objectReference: {fileID: 0}
    - target: {fileID: 224563601037846786, guid: 75b76ba43a005b0449e305064ba73f54,
        type: 2}
      propertyPath: m_Pivot.y
      value: 1
      objectReference: {fileID: 0}
    - target: {fileID: 114309992321371222, guid: 75b76ba43a005b0449e305064ba73f54,
        type: 2}
      propertyPath: _dashMovement
      value: 
      objectReference: {fileID: 1613554475}
    - target: {fileID: 224350043314694790, guid: 75b76ba43a005b0449e305064ba73f54,
        type: 2}
      propertyPath: m_AnchorMin.y
      value: 1
      objectReference: {fileID: 0}
    - target: {fileID: 224350043314694790, guid: 75b76ba43a005b0449e305064ba73f54,
        type: 2}
      propertyPath: m_AnchorMax.y
      value: 1
      objectReference: {fileID: 0}
    - target: {fileID: 224350043314694790, guid: 75b76ba43a005b0449e305064ba73f54,
        type: 2}
      propertyPath: m_AnchoredPosition.x
      value: 60
      objectReference: {fileID: 0}
    - target: {fileID: 224350043314694790, guid: 75b76ba43a005b0449e305064ba73f54,
        type: 2}
      propertyPath: m_AnchoredPosition.y
      value: 0
      objectReference: {fileID: 0}
    - target: {fileID: 224350043314694790, guid: 75b76ba43a005b0449e305064ba73f54,
        type: 2}
      propertyPath: m_SizeDelta.y
      value: 0
      objectReference: {fileID: 0}
    - target: {fileID: 224784222798118152, guid: 75b76ba43a005b0449e305064ba73f54,
        type: 2}
      propertyPath: m_AnchorMin.y
      value: 1
      objectReference: {fileID: 0}
    - target: {fileID: 224784222798118152, guid: 75b76ba43a005b0449e305064ba73f54,
        type: 2}
      propertyPath: m_AnchorMax.y
      value: 1
      objectReference: {fileID: 0}
    - target: {fileID: 224784222798118152, guid: 75b76ba43a005b0449e305064ba73f54,
        type: 2}
      propertyPath: m_AnchoredPosition.x
      value: 150
      objectReference: {fileID: 0}
    - target: {fileID: 224784222798118152, guid: 75b76ba43a005b0449e305064ba73f54,
        type: 2}
      propertyPath: m_AnchoredPosition.y
      value: 0
      objectReference: {fileID: 0}
    - target: {fileID: 224784222798118152, guid: 75b76ba43a005b0449e305064ba73f54,
        type: 2}
      propertyPath: m_SizeDelta.y
      value: 0
      objectReference: {fileID: 0}
    m_RemovedComponents: []
  m_ParentPrefab: {fileID: 100100000, guid: 75b76ba43a005b0449e305064ba73f54, type: 2}
  m_IsPrefabParent: 0
--- !u!1001 &269410733
Prefab:
  m_ObjectHideFlags: 0
  serializedVersion: 2
  m_Modification:
    m_TransformParent: {fileID: 422800688}
    m_Modifications:
    - target: {fileID: 4650197184974538, guid: 49b8e02cc886c3e4eb3547ff7758b43b, type: 2}
      propertyPath: m_LocalPosition.x
      value: 0
      objectReference: {fileID: 0}
    - target: {fileID: 4650197184974538, guid: 49b8e02cc886c3e4eb3547ff7758b43b, type: 2}
      propertyPath: m_LocalPosition.y
      value: 0.18
      objectReference: {fileID: 0}
    - target: {fileID: 4650197184974538, guid: 49b8e02cc886c3e4eb3547ff7758b43b, type: 2}
      propertyPath: m_LocalPosition.z
      value: -1.58
      objectReference: {fileID: 0}
    - target: {fileID: 4650197184974538, guid: 49b8e02cc886c3e4eb3547ff7758b43b, type: 2}
      propertyPath: m_LocalRotation.x
      value: 0
      objectReference: {fileID: 0}
    - target: {fileID: 4650197184974538, guid: 49b8e02cc886c3e4eb3547ff7758b43b, type: 2}
      propertyPath: m_LocalRotation.y
      value: 0
      objectReference: {fileID: 0}
    - target: {fileID: 4650197184974538, guid: 49b8e02cc886c3e4eb3547ff7758b43b, type: 2}
      propertyPath: m_LocalRotation.z
      value: 0
      objectReference: {fileID: 0}
    - target: {fileID: 4650197184974538, guid: 49b8e02cc886c3e4eb3547ff7758b43b, type: 2}
      propertyPath: m_LocalRotation.w
      value: 1
      objectReference: {fileID: 0}
    - target: {fileID: 4650197184974538, guid: 49b8e02cc886c3e4eb3547ff7758b43b, type: 2}
      propertyPath: m_RootOrder
      value: 0
      objectReference: {fileID: 0}
    - target: {fileID: 198899952139903744, guid: 49b8e02cc886c3e4eb3547ff7758b43b,
        type: 2}
      propertyPath: moveWithTransform
      value: 0
      objectReference: {fileID: 0}
    m_RemovedComponents: []
  m_ParentPrefab: {fileID: 100100000, guid: 49b8e02cc886c3e4eb3547ff7758b43b, type: 2}
  m_IsPrefabParent: 0
--- !u!1 &414644754 stripped
GameObject:
  m_PrefabParentObject: {fileID: 1856534491561900, guid: 49b8e02cc886c3e4eb3547ff7758b43b,
    type: 2}
  m_PrefabInternal: {fileID: 269410733}
--- !u!1 &422800687
GameObject:
  m_ObjectHideFlags: 0
  m_PrefabParentObject: {fileID: 0}
  m_PrefabInternal: {fileID: 0}
  serializedVersion: 5
  m_Component:
  - component: {fileID: 422800688}
  - component: {fileID: 422800689}
  m_Layer: 0
  m_Name: Gameplay
  m_TagString: Untagged
  m_Icon: {fileID: 0}
  m_NavMeshLayer: 0
  m_StaticEditorFlags: 0
  m_IsActive: 1
--- !u!4 &422800688
Transform:
  m_ObjectHideFlags: 0
  m_PrefabParentObject: {fileID: 0}
  m_PrefabInternal: {fileID: 0}
  m_GameObject: {fileID: 422800687}
  m_LocalRotation: {x: 0, y: 0, z: 0, w: 1}
  m_LocalPosition: {x: 0, y: 0, z: 0}
  m_LocalScale: {x: 1, y: 1, z: 1}
  m_Children:
  - {fileID: 1613554472}
  - {fileID: 731990833}
  m_Father: {fileID: 0}
  m_RootOrder: 3
  m_LocalEulerAnglesHint: {x: 0, y: 0, z: 0}
--- !u!114 &422800689
MonoBehaviour:
  m_ObjectHideFlags: 0
  m_PrefabParentObject: {fileID: 0}
  m_PrefabInternal: {fileID: 0}
  m_GameObject: {fileID: 422800687}
  m_Enabled: 1
  m_EditorHideFlags: 0
  m_Script: {fileID: 11500000, guid: 71e5d4c7cd1d2064295a0cc3849e51af, type: 3}
  m_Name: 
  m_EditorClassIdentifier: 
  PlayerA:
    player: {fileID: 1865833388}
    good: {fileID: 1157211801}
    bad: {fileID: 2031928024}
    neutral: {fileID: 414644754}
  PlayerB:
    player: {fileID: 2080581653}
    good: {fileID: 916054656}
    bad: {fileID: 1901467713}
    neutral: {fileID: 1683693469}
--- !u!1 &488577869
GameObject:
  m_ObjectHideFlags: 0
  m_PrefabParentObject: {fileID: 0}
  m_PrefabInternal: {fileID: 0}
  serializedVersion: 5
  m_Component:
  - component: {fileID: 488577870}
  m_Layer: 0
  m_Name: UI
  m_TagString: Untagged
  m_Icon: {fileID: 0}
  m_NavMeshLayer: 0
  m_StaticEditorFlags: 0
  m_IsActive: 1
--- !u!4 &488577870
Transform:
  m_ObjectHideFlags: 0
  m_PrefabParentObject: {fileID: 0}
  m_PrefabInternal: {fileID: 0}
  m_GameObject: {fileID: 488577869}
  m_LocalRotation: {x: -0, y: -0, z: -0, w: 1}
  m_LocalPosition: {x: 0, y: 1, z: 0}
  m_LocalScale: {x: 0.2, y: 1, z: 0.2}
  m_Children:
  - {fileID: 2133127220}
  - {fileID: 1455180164}
  m_Father: {fileID: 0}
  m_RootOrder: 2
  m_LocalEulerAnglesHint: {x: 0, y: 0, z: 0}
--- !u!224 &581802209 stripped
RectTransform:
  m_PrefabParentObject: {fileID: 224563601037846786, guid: 75b76ba43a005b0449e305064ba73f54,
    type: 2}
  m_PrefabInternal: {fileID: 2005443967}
--- !u!1001 &638260271
Prefab:
  m_ObjectHideFlags: 0
  serializedVersion: 2
  m_Modification:
    m_TransformParent: {fileID: 657574973}
    m_Modifications:
    - target: {fileID: 4367038498415758, guid: 6e96eb43c3b57c84a85856ff09b80e80, type: 2}
      propertyPath: m_LocalPosition.x
      value: 0
      objectReference: {fileID: 0}
    - target: {fileID: 4367038498415758, guid: 6e96eb43c3b57c84a85856ff09b80e80, type: 2}
      propertyPath: m_LocalPosition.y
      value: 0
      objectReference: {fileID: 0}
    - target: {fileID: 4367038498415758, guid: 6e96eb43c3b57c84a85856ff09b80e80, type: 2}
      propertyPath: m_LocalPosition.z
      value: 0
      objectReference: {fileID: 0}
    - target: {fileID: 4367038498415758, guid: 6e96eb43c3b57c84a85856ff09b80e80, type: 2}
      propertyPath: m_LocalRotation.x
      value: 0
      objectReference: {fileID: 0}
    - target: {fileID: 4367038498415758, guid: 6e96eb43c3b57c84a85856ff09b80e80, type: 2}
      propertyPath: m_LocalRotation.y
      value: 0
      objectReference: {fileID: 0}
    - target: {fileID: 4367038498415758, guid: 6e96eb43c3b57c84a85856ff09b80e80, type: 2}
      propertyPath: m_LocalRotation.z
      value: 0
      objectReference: {fileID: 0}
    - target: {fileID: 4367038498415758, guid: 6e96eb43c3b57c84a85856ff09b80e80, type: 2}
      propertyPath: m_LocalRotation.w
      value: 1
      objectReference: {fileID: 0}
    - target: {fileID: 4367038498415758, guid: 6e96eb43c3b57c84a85856ff09b80e80, type: 2}
      propertyPath: m_RootOrder
      value: 4
      objectReference: {fileID: 0}
    - target: {fileID: 4939604618347978, guid: 6e96eb43c3b57c84a85856ff09b80e80, type: 2}
      propertyPath: m_RootOrder
      value: 0
      objectReference: {fileID: 0}
    - target: {fileID: 4127317102436258, guid: 6e96eb43c3b57c84a85856ff09b80e80, type: 2}
      propertyPath: m_RootOrder
      value: 2
      objectReference: {fileID: 0}
    - target: {fileID: 23159678088727354, guid: 6e96eb43c3b57c84a85856ff09b80e80,
        type: 2}
      propertyPath: m_Enabled
      value: 0
      objectReference: {fileID: 0}
    m_RemovedComponents: []
  m_ParentPrefab: {fileID: 100100000, guid: 6e96eb43c3b57c84a85856ff09b80e80, type: 2}
  m_IsPrefabParent: 0
--- !u!4 &638260272 stripped
Transform:
  m_PrefabParentObject: {fileID: 4367038498415758, guid: 6e96eb43c3b57c84a85856ff09b80e80,
    type: 2}
  m_PrefabInternal: {fileID: 638260271}
--- !u!1 &657574972
GameObject:
  m_ObjectHideFlags: 0
  m_PrefabParentObject: {fileID: 0}
  m_PrefabInternal: {fileID: 0}
  serializedVersion: 5
  m_Component:
  - component: {fileID: 657574973}
  m_Layer: 0
  m_Name: Environment
  m_TagString: Untagged
  m_Icon: {fileID: 0}
  m_NavMeshLayer: 0
  m_StaticEditorFlags: 4294967295
  m_IsActive: 1
--- !u!4 &657574973
Transform:
  m_ObjectHideFlags: 0
  m_PrefabParentObject: {fileID: 0}
  m_PrefabInternal: {fileID: 0}
  m_GameObject: {fileID: 657574972}
  m_LocalRotation: {x: 0, y: 0, z: 0, w: 1}
  m_LocalPosition: {x: 0, y: 0, z: 0}
  m_LocalScale: {x: 1, y: 1, z: 1}
  m_Children:
  - {fileID: 900359770}
  - {fileID: 1268028684}
  - {fileID: 74160187}
  - {fileID: 1187801249}
  - {fileID: 638260272}
  m_Father: {fileID: 0}
  m_RootOrder: 1
  m_LocalEulerAnglesHint: {x: 0, y: 0, z: 0}
--- !u!4 &731990833 stripped
Transform:
  m_PrefabParentObject: {fileID: 4690079992067968, guid: d9eb43278b32b454bb1eed21dc356ebe,
    type: 2}
  m_PrefabInternal: {fileID: 2112435075}
--- !u!1001 &893516551
Prefab:
  m_ObjectHideFlags: 0
  serializedVersion: 2
  m_Modification:
    m_TransformParent: {fileID: 0}
    m_Modifications:
    - target: {fileID: 4053028323275352, guid: 2194e6f61925aee43a93fc6b0a952edb, type: 2}
      propertyPath: m_LocalPosition.x
      value: 0
      objectReference: {fileID: 0}
    - target: {fileID: 4053028323275352, guid: 2194e6f61925aee43a93fc6b0a952edb, type: 2}
      propertyPath: m_LocalPosition.y
      value: 0
      objectReference: {fileID: 0}
    - target: {fileID: 4053028323275352, guid: 2194e6f61925aee43a93fc6b0a952edb, type: 2}
      propertyPath: m_LocalPosition.z
      value: 0
      objectReference: {fileID: 0}
    - target: {fileID: 4053028323275352, guid: 2194e6f61925aee43a93fc6b0a952edb, type: 2}
      propertyPath: m_LocalRotation.x
      value: 0
      objectReference: {fileID: 0}
    - target: {fileID: 4053028323275352, guid: 2194e6f61925aee43a93fc6b0a952edb, type: 2}
      propertyPath: m_LocalRotation.y
      value: 0
      objectReference: {fileID: 0}
    - target: {fileID: 4053028323275352, guid: 2194e6f61925aee43a93fc6b0a952edb, type: 2}
      propertyPath: m_LocalRotation.z
      value: 0
      objectReference: {fileID: 0}
    - target: {fileID: 4053028323275352, guid: 2194e6f61925aee43a93fc6b0a952edb, type: 2}
      propertyPath: m_LocalRotation.w
      value: 1
      objectReference: {fileID: 0}
    - target: {fileID: 4053028323275352, guid: 2194e6f61925aee43a93fc6b0a952edb, type: 2}
      propertyPath: m_RootOrder
      value: 5
      objectReference: {fileID: 0}
    - target: {fileID: 114490778326978732, guid: 2194e6f61925aee43a93fc6b0a952edb,
        type: 2}
      propertyPath: Playlist
      value: 
      objectReference: {fileID: 114901294364309094, guid: ccfd7f4be731b324692255ff443b5f19,
        type: 2}
    - target: {fileID: 114490778326978732, guid: 2194e6f61925aee43a93fc6b0a952edb,
        type: 2}
      propertyPath: _volume
      value: 1
      objectReference: {fileID: 0}
    - target: {fileID: 114490778326978732, guid: 2194e6f61925aee43a93fc6b0a952edb,
        type: 2}
      propertyPath: PlayOnAwake
      value: 1
      objectReference: {fileID: 0}
    m_RemovedComponents: []
  m_ParentPrefab: {fileID: 100100000, guid: 2194e6f61925aee43a93fc6b0a952edb, type: 2}
  m_IsPrefabParent: 0
--- !u!1 &900359769
GameObject:
  m_ObjectHideFlags: 0
  m_PrefabParentObject: {fileID: 0}
  m_PrefabInternal: {fileID: 0}
  serializedVersion: 5
  m_Component:
  - component: {fileID: 900359770}
  - component: {fileID: 900359773}
  - component: {fileID: 900359771}
  - component: {fileID: 900359772}
  m_Layer: 0
  m_Name: Ground
  m_TagString: Untagged
  m_Icon: {fileID: 0}
  m_NavMeshLayer: 0
  m_StaticEditorFlags: 4294967295
  m_IsActive: 1
--- !u!4 &900359770
Transform:
  m_ObjectHideFlags: 0
  m_PrefabParentObject: {fileID: 0}
  m_PrefabInternal: {fileID: 0}
  m_GameObject: {fileID: 900359769}
  m_LocalRotation: {x: 0, y: 0, z: 0, w: 1}
  m_LocalPosition: {x: 0, y: 0, z: 0}
  m_LocalScale: {x: 2.4679275, y: 2.4679277, z: 2.4679277}
  m_Children: []
  m_Father: {fileID: 657574973}
  m_RootOrder: 0
  m_LocalEulerAnglesHint: {x: 0, y: 0, z: 0}
--- !u!23 &900359771
MeshRenderer:
  m_ObjectHideFlags: 0
  m_PrefabParentObject: {fileID: 0}
  m_PrefabInternal: {fileID: 0}
  m_GameObject: {fileID: 900359769}
  m_Enabled: 1
  m_CastShadows: 1
  m_ReceiveShadows: 1
  m_DynamicOccludee: 1
  m_MotionVectors: 1
  m_LightProbeUsage: 1
  m_ReflectionProbeUsage: 1
  m_Materials:
  - {fileID: 2100000, guid: 6e5c1b53d7b07764d9fd19f8f6070731, type: 2}
  m_StaticBatchInfo:
    firstSubMesh: 0
    subMeshCount: 0
  m_StaticBatchRoot: {fileID: 0}
  m_ProbeAnchor: {fileID: 0}
  m_LightProbeVolumeOverride: {fileID: 0}
  m_ScaleInLightmap: 1
  m_PreserveUVs: 1
  m_IgnoreNormalsForChartDetection: 0
  m_ImportantGI: 0
  m_StitchLightmapSeams: 0
  m_SelectedEditorRenderState: 3
  m_MinimumChartSize: 4
  m_AutoUVMaxDistance: 0.5
  m_AutoUVMaxAngle: 89
  m_LightmapParameters: {fileID: 0}
  m_SortingLayerID: 0
  m_SortingLayer: 0
  m_SortingOrder: 0
--- !u!65 &900359772
BoxCollider:
  m_ObjectHideFlags: 0
  m_PrefabParentObject: {fileID: 0}
  m_PrefabInternal: {fileID: 0}
  m_GameObject: {fileID: 900359769}
  m_Material: {fileID: 0}
  m_IsTrigger: 0
  m_Enabled: 1
  serializedVersion: 2
  m_Size: {x: 10, y: 0.01, z: 10}
  m_Center: {x: 0, y: 0, z: 0}
--- !u!33 &900359773
MeshFilter:
  m_ObjectHideFlags: 0
  m_PrefabParentObject: {fileID: 0}
  m_PrefabInternal: {fileID: 0}
  m_GameObject: {fileID: 900359769}
  m_Mesh: {fileID: 10209, guid: 0000000000000000e000000000000000, type: 0}
--- !u!1 &916054656 stripped
GameObject:
  m_PrefabParentObject: {fileID: 1447032986556088, guid: d9eb43278b32b454bb1eed21dc356ebe,
    type: 2}
  m_PrefabInternal: {fileID: 2112435075}
--- !u!114 &935360252 stripped
MonoBehaviour:
  m_PrefabParentObject: {fileID: 114854736881485216, guid: d9eb43278b32b454bb1eed21dc356ebe,
    type: 2}
  m_PrefabInternal: {fileID: 2112435075}
  m_Script: {fileID: 11500000, guid: c1d5b4fd20049de45994bc6dd03affde, type: 3}
--- !u!1 &937182689
GameObject:
  m_ObjectHideFlags: 0
  m_PrefabParentObject: {fileID: 0}
  m_PrefabInternal: {fileID: 0}
  serializedVersion: 5
  m_Component:
  - component: {fileID: 937182690}
  - component: {fileID: 937182693}
  - component: {fileID: 937182692}
  - component: {fileID: 937182691}
  m_Layer: 0
  m_Name: Cube
  m_TagString: Untagged
  m_Icon: {fileID: 0}
  m_NavMeshLayer: 0
  m_StaticEditorFlags: 0
  m_IsActive: 1
--- !u!4 &937182690
Transform:
  m_ObjectHideFlags: 0
  m_PrefabParentObject: {fileID: 0}
  m_PrefabInternal: {fileID: 0}
  m_GameObject: {fileID: 937182689}
  m_LocalRotation: {x: 0, y: 0, z: 0, w: 1}
  m_LocalPosition: {x: -10.01, y: 0.5, z: 0}
  m_LocalScale: {x: 1.6112726, y: 1, z: 11.232653}
  m_Children: []
  m_Father: {fileID: 74160187}
  m_RootOrder: 0
  m_LocalEulerAnglesHint: {x: 0, y: 0, z: 0}
--- !u!23 &937182691
MeshRenderer:
  m_ObjectHideFlags: 0
  m_PrefabParentObject: {fileID: 0}
  m_PrefabInternal: {fileID: 0}
  m_GameObject: {fileID: 937182689}
  m_Enabled: 1
  m_CastShadows: 1
  m_ReceiveShadows: 1
  m_DynamicOccludee: 1
  m_MotionVectors: 1
  m_LightProbeUsage: 1
  m_ReflectionProbeUsage: 1
  m_Materials:
  - {fileID: 2100000, guid: d00078d99ee59564386a3addcc191736, type: 2}
  m_StaticBatchInfo:
    firstSubMesh: 0
    subMeshCount: 0
  m_StaticBatchRoot: {fileID: 0}
  m_ProbeAnchor: {fileID: 0}
  m_LightProbeVolumeOverride: {fileID: 0}
  m_ScaleInLightmap: 1
  m_PreserveUVs: 1
  m_IgnoreNormalsForChartDetection: 0
  m_ImportantGI: 0
  m_StitchLightmapSeams: 0
  m_SelectedEditorRenderState: 3
  m_MinimumChartSize: 4
  m_AutoUVMaxDistance: 0.5
  m_AutoUVMaxAngle: 89
  m_LightmapParameters: {fileID: 0}
  m_SortingLayerID: 0
  m_SortingLayer: 0
  m_SortingOrder: 0
--- !u!65 &937182692
BoxCollider:
  m_ObjectHideFlags: 0
  m_PrefabParentObject: {fileID: 0}
  m_PrefabInternal: {fileID: 0}
  m_GameObject: {fileID: 937182689}
  m_Material: {fileID: 13400000, guid: 33c6f8b286936a648882b1948394963d, type: 2}
  m_IsTrigger: 0
  m_Enabled: 1
  serializedVersion: 2
  m_Size: {x: 1, y: 1, z: 1}
  m_Center: {x: 0, y: 0, z: 0}
--- !u!33 &937182693
MeshFilter:
  m_ObjectHideFlags: 0
  m_PrefabParentObject: {fileID: 0}
  m_PrefabInternal: {fileID: 0}
  m_GameObject: {fileID: 937182689}
  m_Mesh: {fileID: 10202, guid: 0000000000000000e000000000000000, type: 0}
--- !u!1 &937810068
GameObject:
  m_ObjectHideFlags: 0
  m_PrefabParentObject: {fileID: 0}
  m_PrefabInternal: {fileID: 0}
  serializedVersion: 5
  m_Component:
  - component: {fileID: 937810072}
  - component: {fileID: 937810071}
  - component: {fileID: 937810070}
  - component: {fileID: 937810069}
  - component: {fileID: 937810073}
  - component: {fileID: 937810074}
  m_Layer: 0
  m_Name: Main Camera
  m_TagString: MainCamera
  m_Icon: {fileID: 0}
  m_NavMeshLayer: 0
  m_StaticEditorFlags: 0
  m_IsActive: 1
--- !u!81 &937810069
AudioListener:
  m_ObjectHideFlags: 0
  m_PrefabParentObject: {fileID: 0}
  m_PrefabInternal: {fileID: 0}
  m_GameObject: {fileID: 937810068}
  m_Enabled: 1
--- !u!124 &937810070
Behaviour:
  m_ObjectHideFlags: 0
  m_PrefabParentObject: {fileID: 0}
  m_PrefabInternal: {fileID: 0}
  m_GameObject: {fileID: 937810068}
  m_Enabled: 1
--- !u!20 &937810071
Camera:
  m_ObjectHideFlags: 0
  m_PrefabParentObject: {fileID: 0}
  m_PrefabInternal: {fileID: 0}
  m_GameObject: {fileID: 937810068}
  m_Enabled: 1
  serializedVersion: 2
  m_ClearFlags: 1
  m_BackGroundColor: {r: 0.19215687, g: 0.3019608, b: 0.4745098, a: 0}
  m_NormalizedViewPortRect:
    serializedVersion: 2
    x: 0
    y: 0
    width: 1
    height: 1
  near clip plane: 0.3
  far clip plane: 1000
  field of view: 60
  orthographic: 0
  orthographic size: 5
  m_Depth: -1
  m_CullingMask:
    serializedVersion: 2
    m_Bits: 4294967295
  m_RenderingPath: 3
  m_TargetTexture: {fileID: 0}
  m_TargetDisplay: 0
  m_TargetEye: 3
  m_HDR: 1
  m_AllowMSAA: 0
  m_AllowDynamicResolution: 0
  m_ForceIntoRT: 0
  m_OcclusionCulling: 1
  m_StereoConvergence: 10
  m_StereoSeparation: 0.022
--- !u!4 &937810072
Transform:
  m_ObjectHideFlags: 0
  m_PrefabParentObject: {fileID: 0}
  m_PrefabInternal: {fileID: 0}
  m_GameObject: {fileID: 937810068}
  m_LocalRotation: {x: -0, y: -0, z: -0, w: 1}
  m_LocalPosition: {x: 0, y: 0, z: 0}
  m_LocalScale: {x: 1, y: 1, z: 1}
  m_Children: []
  m_Father: {fileID: 1912177808}
  m_RootOrder: 0
  m_LocalEulerAnglesHint: {x: 78.604004, y: 0, z: 0}
--- !u!114 &937810073
MonoBehaviour:
  m_ObjectHideFlags: 0
  m_PrefabParentObject: {fileID: 0}
  m_PrefabInternal: {fileID: 0}
  m_GameObject: {fileID: 937810068}
  m_Enabled: 1
  m_EditorHideFlags: 0
  m_Script: {fileID: 11500000, guid: ff26db721962cdf4a8edcdfa9a767d2a, type: 3}
  m_Name: 
  m_EditorClassIdentifier: 
  profile: {fileID: 11400000, guid: 4f10b6abcd1850c449f160a04aac9e50, type: 2}
--- !u!114 &937810074
MonoBehaviour:
  m_ObjectHideFlags: 0
  m_PrefabParentObject: {fileID: 0}
  m_PrefabInternal: {fileID: 0}
  m_GameObject: {fileID: 937810068}
  m_Enabled: 1
  m_EditorHideFlags: 0
  m_Script: {fileID: 11500000, guid: c9b026ae54709ea4d89994e0e0b3b29c, type: 3}
  m_Name: 
  m_EditorClassIdentifier: 
  WinShakeDuration: 1
  WinShakeStrenght: 2
--- !u!1 &1107143587
GameObject:
  m_ObjectHideFlags: 0
  m_PrefabParentObject: {fileID: 0}
  m_PrefabInternal: {fileID: 0}
  serializedVersion: 5
  m_Component:
  - component: {fileID: 1107143588}
  - component: {fileID: 1107143591}
  - component: {fileID: 1107143590}
  - component: {fileID: 1107143589}
  m_Layer: 0
  m_Name: Cube (1)
  m_TagString: Untagged
  m_Icon: {fileID: 0}
  m_NavMeshLayer: 0
  m_StaticEditorFlags: 0
  m_IsActive: 1
--- !u!4 &1107143588
Transform:
  m_ObjectHideFlags: 0
  m_PrefabParentObject: {fileID: 0}
  m_PrefabInternal: {fileID: 0}
  m_GameObject: {fileID: 1107143587}
  m_LocalRotation: {x: -0, y: -0, z: -0, w: 1}
  m_LocalPosition: {x: 10, y: 0.5, z: 0}
  m_LocalScale: {x: 1.6112726, y: 1, z: 11.23265}
  m_Children: []
  m_Father: {fileID: 74160187}
  m_RootOrder: 1
  m_LocalEulerAnglesHint: {x: 0, y: 0, z: 0}
--- !u!23 &1107143589
MeshRenderer:
  m_ObjectHideFlags: 0
  m_PrefabParentObject: {fileID: 0}
  m_PrefabInternal: {fileID: 0}
  m_GameObject: {fileID: 1107143587}
  m_Enabled: 1
  m_CastShadows: 1
  m_ReceiveShadows: 1
  m_DynamicOccludee: 1
  m_MotionVectors: 1
  m_LightProbeUsage: 1
  m_ReflectionProbeUsage: 1
  m_Materials:
  - {fileID: 2100000, guid: d00078d99ee59564386a3addcc191736, type: 2}
  m_StaticBatchInfo:
    firstSubMesh: 0
    subMeshCount: 0
  m_StaticBatchRoot: {fileID: 0}
  m_ProbeAnchor: {fileID: 0}
  m_LightProbeVolumeOverride: {fileID: 0}
  m_ScaleInLightmap: 1
  m_PreserveUVs: 1
  m_IgnoreNormalsForChartDetection: 0
  m_ImportantGI: 0
  m_StitchLightmapSeams: 0
  m_SelectedEditorRenderState: 3
  m_MinimumChartSize: 4
  m_AutoUVMaxDistance: 0.5
  m_AutoUVMaxAngle: 89
  m_LightmapParameters: {fileID: 0}
  m_SortingLayerID: 0
  m_SortingLayer: 0
  m_SortingOrder: 0
--- !u!65 &1107143590
BoxCollider:
  m_ObjectHideFlags: 0
  m_PrefabParentObject: {fileID: 0}
  m_PrefabInternal: {fileID: 0}
  m_GameObject: {fileID: 1107143587}
  m_Material: {fileID: 13400000, guid: 33c6f8b286936a648882b1948394963d, type: 2}
  m_IsTrigger: 0
  m_Enabled: 1
  serializedVersion: 2
  m_Size: {x: 1, y: 1, z: 1}
  m_Center: {x: 0, y: 0, z: 0}
--- !u!33 &1107143591
MeshFilter:
  m_ObjectHideFlags: 0
  m_PrefabParentObject: {fileID: 0}
  m_PrefabInternal: {fileID: 0}
  m_GameObject: {fileID: 1107143587}
  m_Mesh: {fileID: 10202, guid: 0000000000000000e000000000000000, type: 0}
--- !u!1 &1157211801 stripped
GameObject:
  m_PrefabParentObject: {fileID: 1968031730208652, guid: 49b8e02cc886c3e4eb3547ff7758b43b,
    type: 2}
  m_PrefabInternal: {fileID: 269410733}
--- !u!4 &1187801249 stripped
Transform:
  m_PrefabParentObject: {fileID: 4690548145205662, guid: 43ff7791bfc698c4e8b644c0abf50687,
    type: 2}
  m_PrefabInternal: {fileID: 189844260}
--- !u!1001 &1191766615
Prefab:
  m_ObjectHideFlags: 0
  serializedVersion: 2
  m_Modification:
    m_TransformParent: {fileID: 0}
    m_Modifications:
    - target: {fileID: 4493400761441126, guid: 258d534a1d342eb40b1e7af9c1269654, type: 2}
      propertyPath: m_LocalPosition.x
      value: 0
      objectReference: {fileID: 0}
    - target: {fileID: 4493400761441126, guid: 258d534a1d342eb40b1e7af9c1269654, type: 2}
      propertyPath: m_LocalPosition.y
      value: 1.087
      objectReference: {fileID: 0}
    - target: {fileID: 4493400761441126, guid: 258d534a1d342eb40b1e7af9c1269654, type: 2}
      propertyPath: m_LocalPosition.z
      value: 0
      objectReference: {fileID: 0}
    - target: {fileID: 4493400761441126, guid: 258d534a1d342eb40b1e7af9c1269654, type: 2}
      propertyPath: m_LocalRotation.x
      value: -0
      objectReference: {fileID: 0}
    - target: {fileID: 4493400761441126, guid: 258d534a1d342eb40b1e7af9c1269654, type: 2}
      propertyPath: m_LocalRotation.y
      value: -0.7071068
      objectReference: {fileID: 0}
    - target: {fileID: 4493400761441126, guid: 258d534a1d342eb40b1e7af9c1269654, type: 2}
      propertyPath: m_LocalRotation.z
      value: -0.7071068
      objectReference: {fileID: 0}
    - target: {fileID: 4493400761441126, guid: 258d534a1d342eb40b1e7af9c1269654, type: 2}
      propertyPath: m_LocalRotation.w
      value: 0
      objectReference: {fileID: 0}
    - target: {fileID: 4493400761441126, guid: 258d534a1d342eb40b1e7af9c1269654, type: 2}
      propertyPath: m_RootOrder
      value: 6
      objectReference: {fileID: 0}
    - target: {fileID: 198934299384300170, guid: 258d534a1d342eb40b1e7af9c1269654,
        type: 2}
      propertyPath: ShapeModule.type
      value: 10
      objectReference: {fileID: 0}
    - target: {fileID: 198934299384300170, guid: 258d534a1d342eb40b1e7af9c1269654,
        type: 2}
      propertyPath: randomSeed
      value: 1288519447
      objectReference: {fileID: 0}
    - target: {fileID: 198934299384300170, guid: 258d534a1d342eb40b1e7af9c1269654,
        type: 2}
      propertyPath: ShapeModule.radius.value
      value: 0.8
      objectReference: {fileID: 0}
    - target: {fileID: 4493400761441126, guid: 258d534a1d342eb40b1e7af9c1269654, type: 2}
      propertyPath: m_LocalEulerAnglesHint.x
      value: -90
      objectReference: {fileID: 0}
    - target: {fileID: 4493400761441126, guid: 258d534a1d342eb40b1e7af9c1269654, type: 2}
      propertyPath: m_LocalEulerAnglesHint.y
      value: -180
      objectReference: {fileID: 0}
    - target: {fileID: 198934299384300170, guid: 258d534a1d342eb40b1e7af9c1269654,
        type: 2}
      propertyPath: InitialModule.startSpeed.scalar
      value: 0
      objectReference: {fileID: 0}
    - target: {fileID: 198934299384300170, guid: 258d534a1d342eb40b1e7af9c1269654,
        type: 2}
      propertyPath: ShapeModule.arc.mode
      value: 1
      objectReference: {fileID: 0}
    - target: {fileID: 1173528327356480, guid: 258d534a1d342eb40b1e7af9c1269654, type: 2}
      propertyPath: m_IsActive
      value: 0
      objectReference: {fileID: 0}
    - target: {fileID: 1173528327356480, guid: 258d534a1d342eb40b1e7af9c1269654, type: 2}
      propertyPath: m_Name
      value: Body Switch
      objectReference: {fileID: 0}
    - target: {fileID: 198934299384300170, guid: 258d534a1d342eb40b1e7af9c1269654,
        type: 2}
      propertyPath: ShapeModule.radiusThickness
      value: 1.0000
      objectReference: {fileID: 0}
    - target: {fileID: 198934299384300170, guid: 258d534a1d342eb40b1e7af9c1269654,
        type: 2}
      propertyPath: ShapeModule.radiusThickness
      value: 1.0000
      objectReference: {fileID: 0}
    - target: {fileID: 198934299384300170, guid: 258d534a1d342eb40b1e7af9c1269654,
        type: 2}
      propertyPath: ShapeModule.radiusThickness
      value: 1.0000
      objectReference: {fileID: 0}
    - target: {fileID: 198934299384300170, guid: 258d534a1d342eb40b1e7af9c1269654,
        type: 2}
      propertyPath: ShapeModule.radiusThickness
      value: 1.0000
      objectReference: {fileID: 0}
    - target: {fileID: 198934299384300170, guid: 258d534a1d342eb40b1e7af9c1269654,
        type: 2}
      propertyPath: ShapeModule.radiusThickness
      value: 1.0000
      objectReference: {fileID: 0}
    - target: {fileID: 198934299384300170, guid: 258d534a1d342eb40b1e7af9c1269654,
        type: 2}
      propertyPath: ShapeModule.radiusThickness
      value: 1.0000
      objectReference: {fileID: 0}
    - target: {fileID: 198934299384300170, guid: 258d534a1d342eb40b1e7af9c1269654,
        type: 2}
      propertyPath: ShapeModule.radiusThickness
      value: 1.0000
      objectReference: {fileID: 0}
    - target: {fileID: 198934299384300170, guid: 258d534a1d342eb40b1e7af9c1269654,
        type: 2}
      propertyPath: ShapeModule.radiusThickness
      value: 1.0000
      objectReference: {fileID: 0}
    - target: {fileID: 198934299384300170, guid: 258d534a1d342eb40b1e7af9c1269654,
        type: 2}
      propertyPath: ShapeModule.radiusThickness
      value: 1.0000
      objectReference: {fileID: 0}
    - target: {fileID: 198934299384300170, guid: 258d534a1d342eb40b1e7af9c1269654,
        type: 2}
      propertyPath: ShapeModule.radiusThickness
      value: 1.0000
      objectReference: {fileID: 0}
    m_RemovedComponents: []
  m_ParentPrefab: {fileID: 100100000, guid: 258d534a1d342eb40b1e7af9c1269654, type: 2}
  m_IsPrefabParent: 0
--- !u!1 &1268028683
GameObject:
  m_ObjectHideFlags: 0
  m_PrefabParentObject: {fileID: 0}
  m_PrefabInternal: {fileID: 0}
  serializedVersion: 5
  m_Component:
  - component: {fileID: 1268028684}
  m_Layer: 0
  m_Name: Lights
  m_TagString: Untagged
  m_Icon: {fileID: 0}
  m_NavMeshLayer: 0
  m_StaticEditorFlags: 4294967295
  m_IsActive: 1
--- !u!4 &1268028684
Transform:
  m_ObjectHideFlags: 0
  m_PrefabParentObject: {fileID: 0}
  m_PrefabInternal: {fileID: 0}
  m_GameObject: {fileID: 1268028683}
  m_LocalRotation: {x: 0, y: 0, z: 0, w: 1}
  m_LocalPosition: {x: 0, y: 0, z: 0}
  m_LocalScale: {x: 1, y: 1, z: 1}
  m_Children:
  - {fileID: 1600343672}
  m_Father: {fileID: 657574973}
  m_RootOrder: 1
  m_LocalEulerAnglesHint: {x: 0, y: 0, z: 0}
--- !u!1 &1321183103
GameObject:
  m_ObjectHideFlags: 0
  m_PrefabParentObject: {fileID: 0}
  m_PrefabInternal: {fileID: 0}
  serializedVersion: 5
  m_Component:
  - component: {fileID: 1321183104}
  - component: {fileID: 1321183107}
  - component: {fileID: 1321183106}
  - component: {fileID: 1321183105}
  m_Layer: 0
  m_Name: Cube (3)
  m_TagString: Untagged
  m_Icon: {fileID: 0}
  m_NavMeshLayer: 0
  m_StaticEditorFlags: 0
  m_IsActive: 1
--- !u!4 &1321183104
Transform:
  m_ObjectHideFlags: 0
  m_PrefabParentObject: {fileID: 0}
  m_PrefabInternal: {fileID: 0}
  m_GameObject: {fileID: 1321183103}
  m_LocalRotation: {x: -0.0000000020987727, y: -0.7080272, z: -0.000000002203001,
    w: 0.7061852}
  m_LocalPosition: {x: -0.052525, y: 0.5, z: 6}
  m_LocalScale: {x: 0.9999999, y: 1, z: 20.499596}
  m_Children: []
  m_Father: {fileID: 74160187}
  m_RootOrder: 3
  m_LocalEulerAnglesHint: {x: 0, y: -90.149, z: 0}
--- !u!23 &1321183105
MeshRenderer:
  m_ObjectHideFlags: 0
  m_PrefabParentObject: {fileID: 0}
  m_PrefabInternal: {fileID: 0}
  m_GameObject: {fileID: 1321183103}
  m_Enabled: 1
  m_CastShadows: 1
  m_ReceiveShadows: 1
  m_DynamicOccludee: 1
  m_MotionVectors: 1
  m_LightProbeUsage: 1
  m_ReflectionProbeUsage: 1
  m_Materials:
  - {fileID: 2100000, guid: d00078d99ee59564386a3addcc191736, type: 2}
  m_StaticBatchInfo:
    firstSubMesh: 0
    subMeshCount: 0
  m_StaticBatchRoot: {fileID: 0}
  m_ProbeAnchor: {fileID: 0}
  m_LightProbeVolumeOverride: {fileID: 0}
  m_ScaleInLightmap: 1
  m_PreserveUVs: 1
  m_IgnoreNormalsForChartDetection: 0
  m_ImportantGI: 0
  m_StitchLightmapSeams: 0
  m_SelectedEditorRenderState: 3
  m_MinimumChartSize: 4
  m_AutoUVMaxDistance: 0.5
  m_AutoUVMaxAngle: 89
  m_LightmapParameters: {fileID: 0}
  m_SortingLayerID: 0
  m_SortingLayer: 0
  m_SortingOrder: 0
--- !u!65 &1321183106
BoxCollider:
  m_ObjectHideFlags: 0
  m_PrefabParentObject: {fileID: 0}
  m_PrefabInternal: {fileID: 0}
  m_GameObject: {fileID: 1321183103}
  m_Material: {fileID: 13400000, guid: 33c6f8b286936a648882b1948394963d, type: 2}
  m_IsTrigger: 0
  m_Enabled: 1
  serializedVersion: 2
  m_Size: {x: 1, y: 1, z: 1}
  m_Center: {x: 0, y: 0, z: 0}
--- !u!33 &1321183107
MeshFilter:
  m_ObjectHideFlags: 0
  m_PrefabParentObject: {fileID: 0}
  m_PrefabInternal: {fileID: 0}
  m_GameObject: {fileID: 1321183103}
  m_Mesh: {fileID: 10202, guid: 0000000000000000e000000000000000, type: 0}
--- !u!1 &1396815446
GameObject:
  m_ObjectHideFlags: 0
  m_PrefabParentObject: {fileID: 0}
  m_PrefabInternal: {fileID: 0}
  serializedVersion: 5
  m_Component:
  - component: {fileID: 1396815449}
  - component: {fileID: 1396815448}
  - component: {fileID: 1396815447}
  m_Layer: 0
  m_Name: EventSystem
  m_TagString: Untagged
  m_Icon: {fileID: 0}
  m_NavMeshLayer: 0
  m_StaticEditorFlags: 0
  m_IsActive: 1
--- !u!114 &1396815447
MonoBehaviour:
  m_ObjectHideFlags: 0
  m_PrefabParentObject: {fileID: 0}
  m_PrefabInternal: {fileID: 0}
  m_GameObject: {fileID: 1396815446}
  m_Enabled: 1
  m_EditorHideFlags: 0
  m_Script: {fileID: 1077351063, guid: f70555f144d8491a825f0804e09c671c, type: 3}
  m_Name: 
  m_EditorClassIdentifier: 
  m_HorizontalAxis: Horizontal
  m_VerticalAxis: Vertical
  m_SubmitButton: Submit
  m_CancelButton: Cancel
  m_InputActionsPerSecond: 10
  m_RepeatDelay: 0.5
  m_ForceModuleActive: 0
--- !u!114 &1396815448
MonoBehaviour:
  m_ObjectHideFlags: 0
  m_PrefabParentObject: {fileID: 0}
  m_PrefabInternal: {fileID: 0}
  m_GameObject: {fileID: 1396815446}
  m_Enabled: 1
  m_EditorHideFlags: 0
  m_Script: {fileID: -619905303, guid: f70555f144d8491a825f0804e09c671c, type: 3}
  m_Name: 
  m_EditorClassIdentifier: 
  m_FirstSelected: {fileID: 0}
  m_sendNavigationEvents: 1
  m_DragThreshold: 5
--- !u!4 &1396815449
Transform:
  m_ObjectHideFlags: 0
  m_PrefabParentObject: {fileID: 0}
  m_PrefabInternal: {fileID: 0}
  m_GameObject: {fileID: 1396815446}
  m_LocalRotation: {x: 0, y: 0, z: 0, w: 1}
  m_LocalPosition: {x: 0, y: 0, z: 0}
  m_LocalScale: {x: 1, y: 1, z: 1}
  m_Children: []
  m_Father: {fileID: 0}
  m_RootOrder: 4
  m_LocalEulerAnglesHint: {x: 0, y: 0, z: 0}
--- !u!1001 &1411714754
Prefab:
  m_ObjectHideFlags: 0
  serializedVersion: 2
  m_Modification:
    m_TransformParent: {fileID: 1487375741}
    m_Modifications:
    - target: {fileID: 4776859414142350, guid: 6aeafe8eb92c3ad409649f6ea8b1cbd1, type: 2}
      propertyPath: m_LocalPosition.x
      value: -0.027802361
      objectReference: {fileID: 0}
    - target: {fileID: 4776859414142350, guid: 6aeafe8eb92c3ad409649f6ea8b1cbd1, type: 2}
      propertyPath: m_LocalPosition.y
      value: 0.255
      objectReference: {fileID: 0}
    - target: {fileID: 4776859414142350, guid: 6aeafe8eb92c3ad409649f6ea8b1cbd1, type: 2}
      propertyPath: m_LocalPosition.z
      value: 0.02
      objectReference: {fileID: 0}
    - target: {fileID: 4776859414142350, guid: 6aeafe8eb92c3ad409649f6ea8b1cbd1, type: 2}
      propertyPath: m_LocalRotation.x
      value: 0.000000022830069
      objectReference: {fileID: 0}
    - target: {fileID: 4776859414142350, guid: 6aeafe8eb92c3ad409649f6ea8b1cbd1, type: 2}
      propertyPath: m_LocalRotation.y
      value: -0.95992416
      objectReference: {fileID: 0}
    - target: {fileID: 4776859414142350, guid: 6aeafe8eb92c3ad409649f6ea8b1cbd1, type: 2}
      propertyPath: m_LocalRotation.z
      value: -0.000000078195754
      objectReference: {fileID: 0}
    - target: {fileID: 4776859414142350, guid: 6aeafe8eb92c3ad409649f6ea8b1cbd1, type: 2}
      propertyPath: m_LocalRotation.w
      value: 0.2802599
      objectReference: {fileID: 0}
    - target: {fileID: 4776859414142350, guid: 6aeafe8eb92c3ad409649f6ea8b1cbd1, type: 2}
      propertyPath: m_RootOrder
      value: 0
      objectReference: {fileID: 0}
    - target: {fileID: 4776859414142350, guid: 6aeafe8eb92c3ad409649f6ea8b1cbd1, type: 2}
      propertyPath: m_LocalScale.z
      value: 5
      objectReference: {fileID: 0}
    - target: {fileID: 4776859414142350, guid: 6aeafe8eb92c3ad409649f6ea8b1cbd1, type: 2}
      propertyPath: m_LocalScale.x
      value: 5
      objectReference: {fileID: 0}
    - target: {fileID: 4776859414142350, guid: 6aeafe8eb92c3ad409649f6ea8b1cbd1, type: 2}
      propertyPath: m_LocalEulerAnglesHint.y
      value: -147.449
      objectReference: {fileID: 0}
    m_RemovedComponents: []
  m_ParentPrefab: {fileID: 100100000, guid: 6aeafe8eb92c3ad409649f6ea8b1cbd1, type: 2}
  m_IsPrefabParent: 0
--- !u!1001 &1455180163
Prefab:
  m_ObjectHideFlags: 0
  serializedVersion: 2
  m_Modification:
    m_TransformParent: {fileID: 488577870}
    m_Modifications:
    - target: {fileID: 224200997646847264, guid: 94cee4ff957dd324cb4ff9ce01af9876,
        type: 2}
      propertyPath: m_LocalPosition.x
      value: 0
      objectReference: {fileID: 0}
    - target: {fileID: 224200997646847264, guid: 94cee4ff957dd324cb4ff9ce01af9876,
        type: 2}
      propertyPath: m_LocalPosition.y
      value: 0
      objectReference: {fileID: 0}
    - target: {fileID: 224200997646847264, guid: 94cee4ff957dd324cb4ff9ce01af9876,
        type: 2}
      propertyPath: m_LocalPosition.z
      value: 0
      objectReference: {fileID: 0}
    - target: {fileID: 224200997646847264, guid: 94cee4ff957dd324cb4ff9ce01af9876,
        type: 2}
      propertyPath: m_LocalRotation.x
      value: 0
      objectReference: {fileID: 0}
    - target: {fileID: 224200997646847264, guid: 94cee4ff957dd324cb4ff9ce01af9876,
        type: 2}
      propertyPath: m_LocalRotation.y
      value: 0
      objectReference: {fileID: 0}
    - target: {fileID: 224200997646847264, guid: 94cee4ff957dd324cb4ff9ce01af9876,
        type: 2}
      propertyPath: m_LocalRotation.z
      value: 0
      objectReference: {fileID: 0}
    - target: {fileID: 224200997646847264, guid: 94cee4ff957dd324cb4ff9ce01af9876,
        type: 2}
      propertyPath: m_LocalRotation.w
      value: 1
      objectReference: {fileID: 0}
    - target: {fileID: 224200997646847264, guid: 94cee4ff957dd324cb4ff9ce01af9876,
        type: 2}
      propertyPath: m_RootOrder
      value: 1
      objectReference: {fileID: 0}
    - target: {fileID: 224200997646847264, guid: 94cee4ff957dd324cb4ff9ce01af9876,
        type: 2}
      propertyPath: m_AnchoredPosition.x
      value: 0
      objectReference: {fileID: 0}
    - target: {fileID: 224200997646847264, guid: 94cee4ff957dd324cb4ff9ce01af9876,
        type: 2}
      propertyPath: m_AnchoredPosition.y
      value: 0
      objectReference: {fileID: 0}
    - target: {fileID: 224200997646847264, guid: 94cee4ff957dd324cb4ff9ce01af9876,
        type: 2}
      propertyPath: m_SizeDelta.x
      value: 0
      objectReference: {fileID: 0}
    - target: {fileID: 224200997646847264, guid: 94cee4ff957dd324cb4ff9ce01af9876,
        type: 2}
      propertyPath: m_SizeDelta.y
      value: 0
      objectReference: {fileID: 0}
    - target: {fileID: 224200997646847264, guid: 94cee4ff957dd324cb4ff9ce01af9876,
        type: 2}
      propertyPath: m_AnchorMin.x
      value: 0
      objectReference: {fileID: 0}
    - target: {fileID: 224200997646847264, guid: 94cee4ff957dd324cb4ff9ce01af9876,
        type: 2}
      propertyPath: m_AnchorMin.y
      value: 0
      objectReference: {fileID: 0}
    - target: {fileID: 224200997646847264, guid: 94cee4ff957dd324cb4ff9ce01af9876,
        type: 2}
      propertyPath: m_AnchorMax.x
      value: 0
      objectReference: {fileID: 0}
    - target: {fileID: 224200997646847264, guid: 94cee4ff957dd324cb4ff9ce01af9876,
        type: 2}
      propertyPath: m_AnchorMax.y
      value: 0
      objectReference: {fileID: 0}
    - target: {fileID: 224200997646847264, guid: 94cee4ff957dd324cb4ff9ce01af9876,
        type: 2}
      propertyPath: m_Pivot.x
      value: 0
      objectReference: {fileID: 0}
    - target: {fileID: 224200997646847264, guid: 94cee4ff957dd324cb4ff9ce01af9876,
        type: 2}
      propertyPath: m_Pivot.y
      value: 0
      objectReference: {fileID: 0}
    m_RemovedComponents: []
  m_ParentPrefab: {fileID: 100100000, guid: 94cee4ff957dd324cb4ff9ce01af9876, type: 2}
  m_IsPrefabParent: 0
--- !u!224 &1455180164 stripped
RectTransform:
  m_PrefabParentObject: {fileID: 224200997646847264, guid: 94cee4ff957dd324cb4ff9ce01af9876,
    type: 2}
  m_PrefabInternal: {fileID: 1455180163}
--- !u!4 &1487375741 stripped
Transform:
  m_PrefabParentObject: {fileID: 4939604618347978, guid: 6e96eb43c3b57c84a85856ff09b80e80,
    type: 2}
  m_PrefabInternal: {fileID: 638260271}
--- !u!1 &1600343670
GameObject:
  m_ObjectHideFlags: 0
  m_PrefabParentObject: {fileID: 0}
  m_PrefabInternal: {fileID: 0}
  serializedVersion: 5
  m_Component:
  - component: {fileID: 1600343672}
  - component: {fileID: 1600343671}
  m_Layer: 0
  m_Name: Directional Light
  m_TagString: Untagged
  m_Icon: {fileID: 0}
  m_NavMeshLayer: 0
  m_StaticEditorFlags: 4294967295
  m_IsActive: 1
--- !u!108 &1600343671
Light:
  m_ObjectHideFlags: 0
  m_PrefabParentObject: {fileID: 0}
  m_PrefabInternal: {fileID: 0}
  m_GameObject: {fileID: 1600343670}
  m_Enabled: 1
  serializedVersion: 8
  m_Type: 1
  m_Color: {r: 1, g: 0.95686275, b: 0.8392157, a: 1}
  m_Intensity: 0.21
  m_Range: 10
  m_SpotAngle: 30
  m_CookieSize: 10
  m_Shadows:
    m_Type: 2
    m_Resolution: 1
    m_CustomResolution: -1
    m_Strength: 1
    m_Bias: 0.05
    m_NormalBias: 0.4
    m_NearPlane: 0.2
  m_Cookie: {fileID: 0}
  m_DrawHalo: 0
  m_Flare: {fileID: 0}
  m_RenderMode: 0
  m_CullingMask:
    serializedVersion: 2
    m_Bits: 4294967295
  m_Lightmapping: 4
  m_AreaSize: {x: 1, y: 1}
  m_BounceIntensity: 1
  m_ColorTemperature: 6570
  m_UseColorTemperature: 0
  m_ShadowRadius: 0
  m_ShadowAngle: 0
--- !u!4 &1600343672
Transform:
  m_ObjectHideFlags: 0
  m_PrefabParentObject: {fileID: 0}
  m_PrefabInternal: {fileID: 0}
  m_GameObject: {fileID: 1600343670}
  m_LocalRotation: {x: 0.40821788, y: -0.23456968, z: 0.10938163, w: 0.8754261}
  m_LocalPosition: {x: 0, y: 3, z: 0}
  m_LocalScale: {x: 1, y: 1, z: 1}
  m_Children: []
  m_Father: {fileID: 1268028684}
  m_RootOrder: 0
  m_LocalEulerAnglesHint: {x: 50, y: -30, z: 0}
--- !u!4 &1613554472 stripped
Transform:
  m_PrefabParentObject: {fileID: 4650197184974538, guid: 49b8e02cc886c3e4eb3547ff7758b43b,
    type: 2}
  m_PrefabInternal: {fileID: 269410733}
--- !u!114 &1613554475 stripped
MonoBehaviour:
  m_PrefabParentObject: {fileID: 114817908360900474, guid: 49b8e02cc886c3e4eb3547ff7758b43b,
    type: 2}
  m_PrefabInternal: {fileID: 269410733}
  m_Script: {fileID: 11500000, guid: c1d5b4fd20049de45994bc6dd03affde, type: 3}
--- !u!1 &1655334310 stripped
GameObject:
  m_PrefabParentObject: {fileID: 1818578701154398, guid: 6aeafe8eb92c3ad409649f6ea8b1cbd1,
    type: 2}
  m_PrefabInternal: {fileID: 1411714754}
--- !u!95 &1655334314
Animator:
  serializedVersion: 3
  m_ObjectHideFlags: 0
  m_PrefabParentObject: {fileID: 0}
  m_PrefabInternal: {fileID: 0}
  m_GameObject: {fileID: 1655334310}
  m_Enabled: 1
  m_Avatar: {fileID: 0}
  m_Controller: {fileID: 9100000, guid: 11a27d4796c34ee49b0a1d7f8154553b, type: 2}
  m_CullingMode: 0
  m_UpdateMode: 0
  m_ApplyRootMotion: 0
  m_LinearVelocityBlending: 0
  m_WarningMessage: 
  m_HasTransformHierarchy: 1
  m_AllowConstantClipSamplingOptimization: 1
--- !u!1 &1683693469 stripped
GameObject:
  m_PrefabParentObject: {fileID: 1141396155253874, guid: d9eb43278b32b454bb1eed21dc356ebe,
    type: 2}
  m_PrefabInternal: {fileID: 2112435075}
--- !u!1 &1865833388 stripped
GameObject:
  m_PrefabParentObject: {fileID: 1729760029971934, guid: 49b8e02cc886c3e4eb3547ff7758b43b,
    type: 2}
  m_PrefabInternal: {fileID: 269410733}
--- !u!1 &1901467713 stripped
GameObject:
  m_PrefabParentObject: {fileID: 1623556999009476, guid: d9eb43278b32b454bb1eed21dc356ebe,
    type: 2}
  m_PrefabInternal: {fileID: 2112435075}
--- !u!1 &1912177807
GameObject:
  m_ObjectHideFlags: 0
  m_PrefabParentObject: {fileID: 0}
  m_PrefabInternal: {fileID: 0}
  serializedVersion: 5
  m_Component:
  - component: {fileID: 1912177808}
  m_Layer: 0
  m_Name: CameraRig
  m_TagString: Untagged
  m_Icon: {fileID: 0}
  m_NavMeshLayer: 0
  m_StaticEditorFlags: 0
  m_IsActive: 1
--- !u!4 &1912177808
Transform:
  m_ObjectHideFlags: 0
  m_PrefabParentObject: {fileID: 0}
  m_PrefabInternal: {fileID: 0}
  m_GameObject: {fileID: 1912177807}
  m_LocalRotation: {x: 0.6334095, y: -0, z: -0, w: 0.7738168}
  m_LocalPosition: {x: 0, y: 10.42, z: -2.34}
  m_LocalScale: {x: 1, y: 1, z: 1}
  m_Children:
  - {fileID: 937810072}
  m_Father: {fileID: 0}
  m_RootOrder: 0
  m_LocalEulerAnglesHint: {x: 78.604004, y: 0, z: 0}
--- !u!1 &1991028292
GameObject:
  m_ObjectHideFlags: 0
  m_PrefabParentObject: {fileID: 0}
  m_PrefabInternal: {fileID: 0}
  serializedVersion: 5
  m_Component:
  - component: {fileID: 1991028293}
  - component: {fileID: 1991028296}
  - component: {fileID: 1991028295}
  - component: {fileID: 1991028294}
  m_Layer: 0
  m_Name: Cube (2)
  m_TagString: Untagged
  m_Icon: {fileID: 0}
  m_NavMeshLayer: 0
  m_StaticEditorFlags: 0
  m_IsActive: 1
--- !u!4 &1991028293
Transform:
  m_ObjectHideFlags: 0
  m_PrefabParentObject: {fileID: 0}
  m_PrefabInternal: {fileID: 0}
  m_GameObject: {fileID: 1991028292}
  m_LocalRotation: {x: -0.0000000020987727, y: -0.7080272, z: -0.000000002203001,
    w: 0.7061852}
  m_LocalPosition: {x: 0.042525, y: 0.5, z: -6}
  m_LocalScale: {x: 0.9999999, y: 1, z: 20.499596}
  m_Children: []
  m_Father: {fileID: 74160187}
  m_RootOrder: 2
  m_LocalEulerAnglesHint: {x: 0, y: -90.149, z: 0}
--- !u!23 &1991028294
MeshRenderer:
  m_ObjectHideFlags: 0
  m_PrefabParentObject: {fileID: 0}
  m_PrefabInternal: {fileID: 0}
  m_GameObject: {fileID: 1991028292}
  m_Enabled: 1
  m_CastShadows: 1
  m_ReceiveShadows: 1
  m_DynamicOccludee: 1
  m_MotionVectors: 1
  m_LightProbeUsage: 1
  m_ReflectionProbeUsage: 1
  m_Materials:
  - {fileID: 2100000, guid: d00078d99ee59564386a3addcc191736, type: 2}
  m_StaticBatchInfo:
    firstSubMesh: 0
    subMeshCount: 0
  m_StaticBatchRoot: {fileID: 0}
  m_ProbeAnchor: {fileID: 0}
  m_LightProbeVolumeOverride: {fileID: 0}
  m_ScaleInLightmap: 1
  m_PreserveUVs: 1
  m_IgnoreNormalsForChartDetection: 0
  m_ImportantGI: 0
  m_StitchLightmapSeams: 0
  m_SelectedEditorRenderState: 3
  m_MinimumChartSize: 4
  m_AutoUVMaxDistance: 0.5
  m_AutoUVMaxAngle: 89
  m_LightmapParameters: {fileID: 0}
  m_SortingLayerID: 0
  m_SortingLayer: 0
  m_SortingOrder: 0
--- !u!65 &1991028295
BoxCollider:
  m_ObjectHideFlags: 0
  m_PrefabParentObject: {fileID: 0}
  m_PrefabInternal: {fileID: 0}
  m_GameObject: {fileID: 1991028292}
  m_Material: {fileID: 13400000, guid: 33c6f8b286936a648882b1948394963d, type: 2}
  m_IsTrigger: 0
  m_Enabled: 1
  serializedVersion: 2
  m_Size: {x: 1, y: 1, z: 1}
  m_Center: {x: 0, y: 0, z: 0}
--- !u!33 &1991028296
MeshFilter:
  m_ObjectHideFlags: 0
  m_PrefabParentObject: {fileID: 0}
  m_PrefabInternal: {fileID: 0}
  m_GameObject: {fileID: 1991028292}
  m_Mesh: {fileID: 10202, guid: 0000000000000000e000000000000000, type: 0}
--- !u!1001 &2005443967
Prefab:
  m_ObjectHideFlags: 0
  serializedVersion: 2
  m_Modification:
    m_TransformParent: {fileID: 2133127220}
    m_Modifications:
    - target: {fileID: 224563601037846786, guid: 75b76ba43a005b0449e305064ba73f54,
        type: 2}
      propertyPath: m_LocalPosition.x
      value: 0
      objectReference: {fileID: 0}
    - target: {fileID: 224563601037846786, guid: 75b76ba43a005b0449e305064ba73f54,
        type: 2}
      propertyPath: m_LocalPosition.y
      value: 0
      objectReference: {fileID: 0}
    - target: {fileID: 224563601037846786, guid: 75b76ba43a005b0449e305064ba73f54,
        type: 2}
      propertyPath: m_LocalPosition.z
      value: 0
      objectReference: {fileID: 0}
    - target: {fileID: 224563601037846786, guid: 75b76ba43a005b0449e305064ba73f54,
        type: 2}
      propertyPath: m_LocalRotation.x
      value: 0
      objectReference: {fileID: 0}
    - target: {fileID: 224563601037846786, guid: 75b76ba43a005b0449e305064ba73f54,
        type: 2}
      propertyPath: m_LocalRotation.y
      value: 0
      objectReference: {fileID: 0}
    - target: {fileID: 224563601037846786, guid: 75b76ba43a005b0449e305064ba73f54,
        type: 2}
      propertyPath: m_LocalRotation.z
      value: 0
      objectReference: {fileID: 0}
    - target: {fileID: 224563601037846786, guid: 75b76ba43a005b0449e305064ba73f54,
        type: 2}
      propertyPath: m_LocalRotation.w
      value: 1
      objectReference: {fileID: 0}
    - target: {fileID: 224563601037846786, guid: 75b76ba43a005b0449e305064ba73f54,
        type: 2}
      propertyPath: m_RootOrder
      value: 1
      objectReference: {fileID: 0}
    - target: {fileID: 224563601037846786, guid: 75b76ba43a005b0449e305064ba73f54,
        type: 2}
      propertyPath: m_AnchoredPosition.x
      value: 0
      objectReference: {fileID: 0}
    - target: {fileID: 224563601037846786, guid: 75b76ba43a005b0449e305064ba73f54,
        type: 2}
      propertyPath: m_AnchoredPosition.y
      value: 0
      objectReference: {fileID: 0}
    - target: {fileID: 224563601037846786, guid: 75b76ba43a005b0449e305064ba73f54,
        type: 2}
      propertyPath: m_SizeDelta.x
      value: 180
      objectReference: {fileID: 0}
    - target: {fileID: 224563601037846786, guid: 75b76ba43a005b0449e305064ba73f54,
        type: 2}
      propertyPath: m_SizeDelta.y
      value: 60
      objectReference: {fileID: 0}
    - target: {fileID: 224563601037846786, guid: 75b76ba43a005b0449e305064ba73f54,
        type: 2}
      propertyPath: m_AnchorMin.x
      value: 1
      objectReference: {fileID: 0}
    - target: {fileID: 224563601037846786, guid: 75b76ba43a005b0449e305064ba73f54,
        type: 2}
      propertyPath: m_AnchorMin.y
      value: 1
      objectReference: {fileID: 0}
    - target: {fileID: 224563601037846786, guid: 75b76ba43a005b0449e305064ba73f54,
        type: 2}
      propertyPath: m_AnchorMax.x
      value: 1
      objectReference: {fileID: 0}
    - target: {fileID: 224563601037846786, guid: 75b76ba43a005b0449e305064ba73f54,
        type: 2}
      propertyPath: m_AnchorMax.y
      value: 1
      objectReference: {fileID: 0}
    - target: {fileID: 224563601037846786, guid: 75b76ba43a005b0449e305064ba73f54,
        type: 2}
      propertyPath: m_Pivot.x
      value: 1
      objectReference: {fileID: 0}
    - target: {fileID: 224563601037846786, guid: 75b76ba43a005b0449e305064ba73f54,
        type: 2}
      propertyPath: m_Pivot.y
      value: 1
      objectReference: {fileID: 0}
    - target: {fileID: 1913506889166710, guid: 75b76ba43a005b0449e305064ba73f54, type: 2}
      propertyPath: m_Name
      value: Player2Info
      objectReference: {fileID: 0}
    - target: {fileID: 114309992321371222, guid: 75b76ba43a005b0449e305064ba73f54,
        type: 2}
      propertyPath: _dashMovement
      value: 
      objectReference: {fileID: 935360252}
    - target: {fileID: 224784222798118152, guid: 75b76ba43a005b0449e305064ba73f54,
        type: 2}
      propertyPath: m_AnchorMin.y
      value: 1
      objectReference: {fileID: 0}
    - target: {fileID: 224784222798118152, guid: 75b76ba43a005b0449e305064ba73f54,
        type: 2}
      propertyPath: m_AnchorMax.y
      value: 1
      objectReference: {fileID: 0}
    - target: {fileID: 224784222798118152, guid: 75b76ba43a005b0449e305064ba73f54,
        type: 2}
      propertyPath: m_AnchoredPosition.x
      value: 150
      objectReference: {fileID: 0}
    - target: {fileID: 224784222798118152, guid: 75b76ba43a005b0449e305064ba73f54,
        type: 2}
      propertyPath: m_AnchoredPosition.y
      value: 0
      objectReference: {fileID: 0}
    - target: {fileID: 224784222798118152, guid: 75b76ba43a005b0449e305064ba73f54,
        type: 2}
      propertyPath: m_SizeDelta.y
      value: 0
      objectReference: {fileID: 0}
    - target: {fileID: 114015661604902310, guid: 75b76ba43a005b0449e305064ba73f54,
        type: 2}
      propertyPath: m_ChildAlignment
      value: 2
      objectReference: {fileID: 0}
    - target: {fileID: 224784222798118152, guid: 75b76ba43a005b0449e305064ba73f54,
        type: 2}
      propertyPath: m_RootOrder
      value: 1
      objectReference: {fileID: 0}
    - target: {fileID: 224350043314694790, guid: 75b76ba43a005b0449e305064ba73f54,
        type: 2}
      propertyPath: m_AnchorMin.y
      value: 1
      objectReference: {fileID: 0}
    - target: {fileID: 224350043314694790, guid: 75b76ba43a005b0449e305064ba73f54,
        type: 2}
      propertyPath: m_AnchorMax.y
      value: 1
      objectReference: {fileID: 0}
    - target: {fileID: 224350043314694790, guid: 75b76ba43a005b0449e305064ba73f54,
        type: 2}
      propertyPath: m_AnchoredPosition.x
      value: 60
      objectReference: {fileID: 0}
    - target: {fileID: 224350043314694790, guid: 75b76ba43a005b0449e305064ba73f54,
        type: 2}
      propertyPath: m_AnchoredPosition.y
      value: 0
      objectReference: {fileID: 0}
    - target: {fileID: 224350043314694790, guid: 75b76ba43a005b0449e305064ba73f54,
        type: 2}
      propertyPath: m_SizeDelta.y
      value: 0
      objectReference: {fileID: 0}
    - target: {fileID: 114222569443679980, guid: 75b76ba43a005b0449e305064ba73f54,
        type: 2}
      propertyPath: m_Text
      value: '!'
      objectReference: {fileID: 0}
    - target: {fileID: 114978331517019854, guid: 75b76ba43a005b0449e305064ba73f54,
        type: 2}
      propertyPath: m_Text
      value: 0
      objectReference: {fileID: 0}
    m_RemovedComponents: []
  m_ParentPrefab: {fileID: 100100000, guid: 75b76ba43a005b0449e305064ba73f54, type: 2}
  m_IsPrefabParent: 0
--- !u!1 &2031928024 stripped
GameObject:
  m_PrefabParentObject: {fileID: 1697848979593858, guid: 49b8e02cc886c3e4eb3547ff7758b43b,
    type: 2}
  m_PrefabInternal: {fileID: 269410733}
--- !u!1 &2080581653 stripped
GameObject:
  m_PrefabParentObject: {fileID: 1111266876525842, guid: d9eb43278b32b454bb1eed21dc356ebe,
    type: 2}
  m_PrefabInternal: {fileID: 2112435075}
--- !u!1001 &2112435075
Prefab:
  m_ObjectHideFlags: 0
  serializedVersion: 2
  m_Modification:
    m_TransformParent: {fileID: 422800688}
    m_Modifications:
    - target: {fileID: 4690079992067968, guid: d9eb43278b32b454bb1eed21dc356ebe, type: 2}
      propertyPath: m_LocalPosition.x
      value: 0
      objectReference: {fileID: 0}
    - target: {fileID: 4690079992067968, guid: d9eb43278b32b454bb1eed21dc356ebe, type: 2}
      propertyPath: m_LocalPosition.y
      value: 0.18
      objectReference: {fileID: 0}
    - target: {fileID: 4690079992067968, guid: d9eb43278b32b454bb1eed21dc356ebe, type: 2}
      propertyPath: m_LocalPosition.z
      value: 1.77
      objectReference: {fileID: 0}
    - target: {fileID: 4690079992067968, guid: d9eb43278b32b454bb1eed21dc356ebe, type: 2}
      propertyPath: m_LocalRotation.x
      value: 0
      objectReference: {fileID: 0}
    - target: {fileID: 4690079992067968, guid: d9eb43278b32b454bb1eed21dc356ebe, type: 2}
      propertyPath: m_LocalRotation.y
      value: 1
      objectReference: {fileID: 0}
    - target: {fileID: 4690079992067968, guid: d9eb43278b32b454bb1eed21dc356ebe, type: 2}
      propertyPath: m_LocalRotation.z
      value: 0
      objectReference: {fileID: 0}
    - target: {fileID: 4690079992067968, guid: d9eb43278b32b454bb1eed21dc356ebe, type: 2}
      propertyPath: m_LocalRotation.w
      value: 0
      objectReference: {fileID: 0}
    - target: {fileID: 4690079992067968, guid: d9eb43278b32b454bb1eed21dc356ebe, type: 2}
      propertyPath: m_RootOrder
      value: 1
      objectReference: {fileID: 0}
    - target: {fileID: 198074962545872284, guid: d9eb43278b32b454bb1eed21dc356ebe,
        type: 2}
      propertyPath: moveWithTransform
      value: 0
      objectReference: {fileID: 0}
    m_RemovedComponents: []
  m_ParentPrefab: {fileID: 100100000, guid: d9eb43278b32b454bb1eed21dc356ebe, type: 2}
  m_IsPrefabParent: 0
--- !u!1 &2133127219
GameObject:
  m_ObjectHideFlags: 0
  m_PrefabParentObject: {fileID: 0}
  m_PrefabInternal: {fileID: 0}
  serializedVersion: 5
  m_Component:
  - component: {fileID: 2133127220}
  - component: {fileID: 2133127223}
  - component: {fileID: 2133127222}
  - component: {fileID: 2133127221}
  m_Layer: 5
  m_Name: InfoCanvas
  m_TagString: Untagged
  m_Icon: {fileID: 0}
  m_NavMeshLayer: 0
  m_StaticEditorFlags: 0
  m_IsActive: 1
--- !u!224 &2133127220
RectTransform:
  m_ObjectHideFlags: 0
  m_PrefabParentObject: {fileID: 0}
  m_PrefabInternal: {fileID: 0}
  m_GameObject: {fileID: 2133127219}
  m_LocalRotation: {x: 0, y: 0, z: 0, w: 1}
  m_LocalPosition: {x: 0, y: 0, z: 0}
  m_LocalScale: {x: 0, y: 0, z: 0}
  m_Children:
  - {fileID: 91495991}
  - {fileID: 581802209}
  m_Father: {fileID: 488577870}
  m_RootOrder: 0
  m_LocalEulerAnglesHint: {x: 0, y: 0, z: 0}
  m_AnchorMin: {x: 0, y: 0}
  m_AnchorMax: {x: 0, y: 0}
  m_AnchoredPosition: {x: 0, y: 0}
  m_SizeDelta: {x: 0, y: 0}
  m_Pivot: {x: 0, y: 0}
--- !u!114 &2133127221
MonoBehaviour:
  m_ObjectHideFlags: 0
  m_PrefabParentObject: {fileID: 0}
  m_PrefabInternal: {fileID: 0}
  m_GameObject: {fileID: 2133127219}
  m_Enabled: 1
  m_EditorHideFlags: 0
  m_Script: {fileID: 1301386320, guid: f70555f144d8491a825f0804e09c671c, type: 3}
  m_Name: 
  m_EditorClassIdentifier: 
  m_IgnoreReversedGraphics: 1
  m_BlockingObjects: 0
  m_BlockingMask:
    serializedVersion: 2
    m_Bits: 4294967295
--- !u!114 &2133127222
MonoBehaviour:
  m_ObjectHideFlags: 0
  m_PrefabParentObject: {fileID: 0}
  m_PrefabInternal: {fileID: 0}
  m_GameObject: {fileID: 2133127219}
  m_Enabled: 1
  m_EditorHideFlags: 0
  m_Script: {fileID: 1980459831, guid: f70555f144d8491a825f0804e09c671c, type: 3}
  m_Name: 
  m_EditorClassIdentifier: 
  m_UiScaleMode: 0
  m_ReferencePixelsPerUnit: 100
  m_ScaleFactor: 1
  m_ReferenceResolution: {x: 800, y: 600}
  m_ScreenMatchMode: 0
  m_MatchWidthOrHeight: 0
  m_PhysicalUnit: 3
  m_FallbackScreenDPI: 96
  m_DefaultSpriteDPI: 96
  m_DynamicPixelsPerUnit: 1
--- !u!223 &2133127223
Canvas:
  m_ObjectHideFlags: 0
  m_PrefabParentObject: {fileID: 0}
  m_PrefabInternal: {fileID: 0}
  m_GameObject: {fileID: 2133127219}
  m_Enabled: 1
  serializedVersion: 3
  m_RenderMode: 0
  m_Camera: {fileID: 0}
  m_PlaneDistance: 100
  m_PixelPerfect: 0
  m_ReceivesEvents: 1
  m_OverrideSorting: 0
  m_OverridePixelPerfect: 0
  m_SortingBucketNormalizedSize: 0
  m_AdditionalShaderChannelsFlag: 0
  m_SortingLayerID: 0
  m_SortingOrder: 0
  m_TargetDisplay: 0
